 


@book{DnnBook,
	author = {Michael A. Nielsen},
    howpublished = {\url{http://neuralnetworksanddeeplearning.com/index.html}},
	title = {Neural Networks and Deep Learning},
	year = {2015}
}

@book{IP,
 author = {Solomon, Chris and Breckon, Toby},
 title = {Fundamentals of Digital Image Processing: A Practical Approach with Examples in Matlab},
 year = {2011},
 isbn = {0470844736, 9780470844731},
 edition = {1st},
 publisher = {Wiley Publishing},
} 

@incollection{alexnet,
title = {ImageNet Classification with Deep Convolutional Neural Networks},
author = {Alex Krizhevsky and Sutskever, Ilya and Hinton, Geoffrey E},
booktitle = {Advances in Neural Information Processing Systems 25},
editor = {F. Pereira and C. J. C. Burges and L. Bottou and K. Q. Weinberger},
pages = {1097--1105},
year = {2012},
publisher = {Curran Associates, Inc.},
url = {http://papers.nips.cc/paper/4824-imagenet-classification-with-deep-convolutional-neural-networks.pdf}
}

@article{imagenet,
Author = {Olga Russakovsky and Jia Deng and Hao Su and Jonathan Krause and Sanjeev Satheesh and Sean Ma and Zhiheng Huang and Andrej Karpathy and Aditya Khosla and Michael Bernstein and Alexander C. Berg and Li Fei-Fei},
Title = {{ImageNet Large Scale Visual Recognition Challenge}},
Year = {2015},
journal   = {International Journal of Computer Vision (IJCV)},
doi = {10.1007/s11263-015-0816-y},
volume={115},
number={3},
pages={211-252}
}

@incollection{prac,
  title={Practical recommendations for gradient-based training of deep architectures},
  author={Bengio, Yoshua},
  booktitle={Neural networks: Tricks of the trade},
  pages={437--478},
  year={2012},
  publisher={Springer}
}


@book{fund,
 author = {Buduma, Nikhil and Locascio, Nicholas},
 title = {Fundamentals of Deep Learning: Designing Next-Generation Machine Intelligence Algorithms},
 year = {2017},
 isbn = {1491925612, 9781491925614},
 edition = {1st},
 publisher = {O'Reilly Media, Inc.},
} 

@incollection{lecun,

  title={Efficient backprop},

  author={LeCun, Yann A and Bottou, L{\'e}on and Orr, Genevieve B and M{\"u}ller, Klaus-Robert},

  booktitle={Neural networks: Tricks of the trade},

  pages={9--48},

  year={2012},

  publisher={Springer}

}

@article{batchnorm,
  title={Batch normalization: Accelerating deep network training by reducing internal covariate shift},
  author={Ioffe, Sergey and Szegedy, Christian},
  journal={arXiv preprint arXiv:1502.03167},
  year={2015}
}


@misc{intel,
  howpublished = {\url{https://www.kaggle.com/puneet6060/intel-image-classification}},
} 


@misc{lizard,
  howpublished = {\url{https://deeplizard.com}},
} 

@misc{tb,
  howpublished = {\url{https://www.tensorflow.org/guide/summaries_and_tensorboard}},
} 



@misc{pandas,
  howpublished = {\url{https://pandas.pydata.org/}},
} 

@article{vgg16,
  title={Very deep convolutional networks for large-scale image recognition},
  author={Simonyan, Karen and Zisserman, Andrew},
  journal={arXiv preprint arXiv:1409.1556},
  year={2014}
}



@article{adam,

  title={Adam: A method for stochastic optimization},

  author={Kingma, Diederik P and Ba, Jimmy},

  journal={arXiv preprint arXiv:1412.6980},

  year={2014}

}


@misc{torch,
  howpublished = {\url{https://pytorch.org/}},
} 

@misc{intel1,
  howpublished = {\url{https://github.com/erkara/Intel-Image-Classification-with-Pytorch}},
} 

@misc{syms,
  howpublished = {\url{https://github.com/erkara/Pytorch_Image_Classification_with_Optuna}},
} 



@misc{segment,
  howpublished = {\url{https://github.com/erkara/Pytorch_Image_Segmentation_Drone_Images}},
} 




@misc{optuna,
  howpublished = {\url{https://optuna.org/}},
}


